<?xml version="1.0" encoding="UTF-8"?><collection xmlns="http://www.loc.gov/MARC21/slim"><record><leader>00518nam--2200181-i-4500</leader><controlfield tag="001">000028058</controlfield><controlfield tag="002">20161230</controlfield><controlfield tag="005">20161230201037</controlfield><controlfield tag="008">060222s1000------------r-----000-0-eng-d</controlfield><datafield ind1=" " ind2=" " tag="040"><subfield code="a">IFIN-HH</subfield></datafield><datafield ind1=" " ind2=" " tag="080"><subfield code="a">535-15</subfield></datafield><datafield ind1="1" ind2=" " tag="100"><subfield code="a">Kruse, P.W</subfield></datafield><datafield ind1="1" ind2="0" tag="245"><subfield code="a">Elements of infrared tehnology: generation transmission and detection</subfield><subfield code="c">L.d. mcglauchlin, r.b. mcquistan</subfield></datafield><datafield ind1=" " ind2=" " tag="260"><subfield code="a">New York</subfield><subfield code="b">John Wiley &amp; Sons,Inc</subfield><subfield code="c">1962</subfield></datafield><datafield ind1=" " ind2=" " tag="300"><subfield code="a">XXI+448P</subfield></datafield><datafield ind1="1" ind2=" " tag="700"><subfield code="a">Mcquistan, R.B</subfield></datafield><datafield ind1=" " ind2=" " tag="852"><subfield code="a">17824</subfield><subfield code="c">535</subfield></datafield><datafield ind1=" " ind2=" " tag="CAT"><subfield code="a">Sys</subfield><subfield code="c">20101021</subfield><subfield code="h">155650</subfield></datafield></record></collection>